
@article{maldonado_actividad_nodate,
	title = {Actividad tipo peroxidasa de nanopartículas de {Fe}\_3O\_4 para hipertermia de fluído magnético},
	language = {es},
	author = {Maldonado, Ana Carolina Moreno and Jr, Enio Lima and Winkler, Elín},
	file = {Maldonado et al. - Actividad tipo peroxidasa de nanopartículas de Fe_.pdf:C\:\\Users\\Ignacio Lembo\\Zotero\\storage\\LVS24WMK\\Maldonado et al. - Actividad tipo peroxidasa de nanopartículas de Fe_.pdf:application/pdf},
}

@article{gao_intrinsic_2007,
	title = {Intrinsic peroxidase-like activity of ferromagnetic nanoparticles},
	volume = {2},
	issn = {1748-3387, 1748-3395},
	url = {https://www.nature.com/articles/nnano.2007.260},
	doi = {10.1038/nnano.2007.260},
	language = {en},
	number = {9},
	urldate = {2023-05-26},
	journal = {Nature Nanotechnology},
	author = {Gao, Lizeng and Zhuang, Jie and Nie, Leng and Zhang, Jinbin and Zhang, Yu and Gu, Ning and Wang, Taihong and Feng, Jing and Yang, Dongling and Perrett, Sarah and Yan, Xiyun},
	month = sep,
	year = {2007},
	pages = {577--583},
	file = {Gao et al. - 2007 - Intrinsic peroxidase-like activity of ferromagneti.pdf:C\:\\Users\\Ignacio Lembo\\Zotero\\storage\\PCABTF9N\\Gao et al. - 2007 - Intrinsic peroxidase-like activity of ferromagneti.pdf:application/pdf},
}
